@article{vggnet,
  author    = {Karen Simonyan and
               Andrew Zisserman},
  title     = {Very Deep Convolutional Networks for Large-Scale Image Recognition},
  journal   = {CoRR},
  volume    = {abs/1409.1556},
  year      = {2014},
  url       = {http://arxiv.org/abs/1409.1556},
  timestamp = {Wed, 01 Oct 2014 15:00:05 +0200},
  biburl    = {http://dblp.uni-trier.de/rec/bib/journals/corr/SimonyanZ14a},
  bibsource = {dblp computer science bibliography, http://dblp.org}
}

@inproceedings{alexnet,
  title={Imagenet classification with deep convolutional neural networks},
  author={Krizhevsky, Alex and Sutskever, Ilya and Hinton, Geoffrey E.},
  booktitle={Advances in neural information processing systems},
  pages={1097--1105},
  year={2012}
}

@article{resnet,
  author    = {Kaiming He and
               Xiangyu Zhang and
               Shaoqing Ren and
               Jian Sun},
  title     = {Deep Residual Learning for Image Recognition},
  journal   = {CoRR},
  volume    = {abs/1512.03385},
  year      = {2015},
  url       = {http://arxiv.org/abs/1512.03385},
  timestamp = {Wed, 30 Mar 2016 23:40:00 +0200},
  biburl    = {http://dblp.uni-trier.de/rec/bib/journals/corr/HeZRS15},
  bibsource = {dblp computer science bibliography, http://dblp.org}
}

@unpublished{dlbook,
    title={Deep Learning},
    author={Ian Goodfellow, Yoshua Bengio, and Aaron Courville},
    note={Book in preparation for MIT Press},
    url={http://www.deeplearningbook.org},
    year={2016}
}


@article{guodeep,
  title={Deep learning for visual understanding: A review},
  author={Guo, Yanming and Liu, Yu and Oerlemans, Ard and Lao, Songyang and Wu, Song and Lew, Michael S},
  journal={Neurocomputing},
  year={2015},
  publisher={Elsevier}
}

@article{abdelspeech,
  title={Convolutional neural networks for speech recognition},
  author={Abdel-Hamid, Ossama and Mohamed, Abdel-rahman and Jiang, Hui and Deng, Li and Penn, Gerald and Yu, Dong},
  journal={Audio, Speech, and Language Processing, IEEE/ACM Transactions on},
  volume={22},
  number={10},
  pages={1533--1545},
  year={2014},
  publisher={IEEE}
}

@article{ILSVRC15,
Author = {Olga Russakovsky and Jia Deng and Hao Su and Jonathan Krause and Sanjeev Satheesh and Sean Ma and Zhiheng Huang and Andrej Karpathy and Aditya Khosla and Michael Bernstein and Alexander C. Berg and Li Fei-Fei},
Title = {{ImageNet Large Scale Visual Recognition Challenge}},
Year = {2015},
journal   = {International Journal of Computer Vision (IJCV)},
doi = {10.1007/s11263-015-0816-y},
volume={115},
number={3},
pages={211-252}
}

@inproceedings{googlenet,
  title={Going deeper with convolutions},
  author={Szegedy, Christian and Liu, Wei and Jia, Yangqing and Sermanet, Pierre and Reed, Scott and Anguelov, Dragomir and Erhan, Dumitru and Vanhoucke, Vincent and Rabinovich, Andrew},
  booktitle={Proceedings of the IEEE Conference on Computer Vision and Pattern Recognition},
  pages={1--9},
  year={2015}
  }



@article{nara_dct,
author={M. Narasimha and A. Peterson},
journal={IEEE Transactions on Communications},
title={On the Computation of the Discrete Cosine Transform},
year={1978},
volume={26},
number={6},
pages={934-936},
keywords={DFT;Discrete Fourier transforms (DFT's);Transforms;Communications Society;Communications technology;Discrete Fourier transforms;Discrete cosine transforms;Error probability;Gaussian noise;Intersymbol interference;Notice of Violation;Power generation;Spread spectrum radar},
doi={10.1109/TCOM.1978.1094144},
ISSN={0090-6778}
}

@inproceedings{long2015fully,
  title={Fully convolutional networks for semantic segmentation},
  author={Long, Jonathan and Shelhamer, Evan and Darrell, Trevor},
  booktitle={Proceedings of the IEEE Conference on Computer Vision and Pattern Recognition},
  pages={3431--3440},
  year={2015}
}

@article{zhang,
  author    = {Kai Zhang and
               Wangmeng Zuo and
               Yunjin Chen and
               Deyu Meng and
               Lei Zhang},
  title     = {Beyond a Gaussian Denoiser: Residual Learning of Deep {CNN} for Image
               Denoising},
  journal   = {CoRR},
  volume    = {abs/1608.03981},
  year      = {2016},
  url       = {http://arxiv.org/abs/1608.03981},
  timestamp = {Fri, 02 Sep 2016 17:46:24 +0200},
  biburl    = {http://dblp.uni-trier.de/rec/bib/journals/corr/ZhangZCM016},
  bibsource = {dblp computer science bibliography, http://dblp.org}
}

@inproceedings{dong2015compression,
  title={Compression artifacts reduction by a deep convolutional network},
  author={Dong, Chao and Deng, Yubin and Change Loy, Chen and Tang, Xiaoou},
  booktitle={Proceedings of the IEEE International Conference on Computer Vision},
  pages={576--584},
  year={2015}
}

@article{svoboda,
  author    = {Pavel Svoboda and
               Michal Hradis and
               David Barina and
               Pavel Zemc{\'{\i}}k},
  title     = {Compression Artifacts Removal Using Convolutional Neural Networks},
  journal   = {CoRR},
  volume    = {abs/1605.00366},
  year      = {2016},
  url       = {http://arxiv.org/abs/1605.00366},
  timestamp = {Wed, 01 Jun 2016 15:51:08 +0200},
  biburl    = {http://dblp.uni-trier.de/rec/bib/journals/corr/SvobodaHBZ16},
  bibsource = {dblp computer science bibliography, http://dblp.org}
}


@article{Guo2016OnetoManyNF,
  title={One-to-Many Network for Visually Pleasing Compression Artifacts Reduction},
  author={Jun Guo and Hongyang Chao},
  journal={CoRR},
  year={2016},
  volume={abs/1611.04994}
}

@article{CavigelliHB16,
  author    = {Lukas Cavigelli and
               Pascal Hager and
               Luca Benini},
  title     = {{CAS-CNN:} {A} Deep Convolutional Neural Network for Image Compression
               Artifact Suppression},
  journal   = {CoRR},
  volume    = {abs/1611.07233},
  year      = {2016},
  url       = {http://arxiv.org/abs/1611.07233},
  timestamp = {Thu, 01 Dec 2016 19:32:08 +0100},
  biburl    = {http://dblp.uni-trier.de/rec/bib/journals/corr/CavigelliHB16},
  bibsource = {dblp computer science bibliography, http://dblp.org}
}

@article{wang2004imagessim,
  title={Image quality assessment: from error visibility to structural similarity},
  author={Wang, Zhou and Bovik, Alan C and Sheikh, Hamid R and Simoncelli, Eero P},
  journal={IEEE transactions on image processing},
  volume={13},
  number={4},
  pages={600--612},
  year={2004},
  publisher={IEEE}
}

@article{yim2011qualitypsnrb,
  title={Quality assessment of deblocked images},
  author={Yim, Changhoon and Bovik, Alan Conrad},
  journal={IEEE Transactions on Image Processing},
  volume={20},
  number={1},
  pages={88--98},
  year={2011},
  publisher={IEEE}
}
@InProceedings{bsd500,
  author = {D. Martin and C. Fowlkes and D. Tal and J. Malik},
  title = {A Database of Human Segmented Natural Images and its
           Application to Evaluating Segmentation Algorithms and
           Measuring Ecological Statistics},
  booktitle = {Proc. 8th Int'l Conf. Computer Vision},
  year = {2001},
  month = {July},
  volume = {2},
  pages = {416--423}
}

@misc{liveDatabase,
    author = {Sheikh, H. R. and Wang, Z. and Cormack, L. and Bovik, A. C.},
    citeulike-article-id = {11534666},
    journal = {http://live.ece.utexas.edu/research/quality/},
    keywords = {db, mytags\_article\_consensus, mytags\_thesis},
    month = apr,
    posted-at = {2012-10-24 11:00:54},
    priority = {2},
    title = {{LIVE Image Quality Assessment Database Release 2}},
    year = {2014}
}


@article{places2,
  author    = {Bolei Zhou and
               Aditya Khosla and
               {\`{A}}gata Lapedriza and
               Antonio Torralba and
               Aude Oliva},
  title     = {Places: An Image Database for Deep Scene Understanding},
  journal   = {CoRR},
  volume    = {abs/1610.02055},
  year      = {2016},
  url       = {http://arxiv.org/abs/1610.02055},
  timestamp = {Wed, 02 Nov 2016 09:51:26 +0100},
  biburl    = {http://dblp.uni-trier.de/rec/bib/journals/corr/ZhouKLTO16},
  bibsource = {dblp computer science bibliography, http://dblp.org}
}


@INPROCEEDINGS{ucid,
   author = {{Schaefer}, G. and {Stich}, M.},
    title = "{UCID: an uncompressed color image database}",
booktitle = {Storage and Retrieval Methods and Applications for Multimedia 2004},
     year = 2003,
   series = {\procspie},
   volume = 5307,
   editor = {{Yeung}, M.~M. and {Lienhart}, R.~W. and {Li}, C.-S.},
    month = dec,
    pages = {472-480},
      doi = {10.1117/12.525375},
   adsurl = {http://adsabs.harvard.edu/abs/2003SPIE.5307..472S},
  adsnote = {Provided by the SAO/NASA Astrophysics Data System}
}
